<collection xmlns="http://www.loc.gov/MARC21/slim">
   <record>
      <leader>02465nam a2200493oi 4500</leader>
      <controlfield tag="001">6811220</controlfield>
      <controlfield tag="003">CaONFJC</controlfield>
      <controlfield tag="005">20150220062834.0</controlfield>
      <controlfield tag="006">m        d        </controlfield>
      <controlfield tag="007">cr||n|||||||||</controlfield>
      <controlfield tag="008">141103s2015    enka    ob    001 0 eng d</controlfield>
      <datafield ind1=" " ind2=" " tag="020">
         <subfield code="a">9781137384461</subfield>
         <subfield code="q">hardback</subfield>
      </datafield>
      <datafield ind1=" " ind2=" " tag="020">
         <subfield code="a">1137384468</subfield>
         <subfield code="q">hardback</subfield>
      </datafield>
      <datafield ind1=" " ind2=" " tag="020">
         <subfield code="a">9781322967097 (MyiLibrary)</subfield>
      </datafield>
      <datafield ind1=" " ind2=" " tag="037">
         <subfield code="a">727991</subfield>
         <subfield code="b">MIL</subfield>
      </datafield>
      <datafield ind1=" " ind2=" " tag="039">
         <subfield code="a">exclude</subfield>
      </datafield>
      <datafield ind1=" " ind2=" " tag="040">
         <subfield code="a">CaONFJC</subfield>
         <subfield code="c">CaONFJC</subfield>
         <subfield code="e">rda</subfield>
         <subfield code="d">AEU</subfield>
      </datafield>
      <datafield ind1=" " ind2=" " tag="043">
         <subfield code="a">e-sp---</subfield>
         <subfield code="a">e-uk---</subfield>
      </datafield>
      <datafield ind1="0" ind2="4" tag="050">
         <subfield code="a">DP214.5</subfield>
         <subfield code="b">.N94 2015eb</subfield>
      </datafield>
      <datafield ind1="0" ind2="4" tag="082">
         <subfield code="a">946/.072</subfield>
         <subfield code="2">23</subfield>
      </datafield>
      <datafield ind1=" " ind2=" " tag="084">
         <subfield code="a">HIS015000</subfield>
         <subfield code="a">HIS031000</subfield>
         <subfield code="a">HIS037060</subfield>
         <subfield code="a">HIS045000</subfield>
         <subfield code="a">HIS051000</subfield>
         <subfield code="2">bisacsh</subfield>
      </datafield>
      <datafield ind1=" " ind2=" " tag="090">
         <subfield code="a">Internet Access</subfield>
         <subfield code="b">AEGMCT</subfield>
      </datafield>
      <datafield ind1=" " ind2=" " tag="091">
         <subfield code="a">DO NOT ADD TO THIS RECORD - PSA PROJECT</subfield>
      </datafield>
      <datafield ind1="1" ind2=" " tag="100">
         <subfield code="a">Nye, Eric W.,</subfield>
         <subfield code="d">1952-</subfield>
         <subfield code="e">author.</subfield>
         <subfield code="0">http://id.loc.gov/authorities/names/n2014068320</subfield>
         <subfield code="0">http://viaf.org/viaf/311461765</subfield>
      </datafield>
      <datafield ind1="1" ind2="0" tag="245">
         <subfield code="a">John Kemble's Gibraltar Journal</subfield>
         <subfield code="h">[electronic resource] :</subfield>
         <subfield code="b">the Spanish Expedition of the Cambridge Apostles, 1830-1831 /</subfield>
         <subfield code="c">Eric W. Nye, University of Wyoming, USA.</subfield>
      </datafield>
      <datafield ind1=" " ind2="1" tag="264">
         <subfield code="a">Houndmills, Basingstoke, Hampshire ;</subfield>
         <subfield code="b">New York, NY :</subfield>
         <subfield code="b">Palgrave Macmillan,</subfield>
         <subfield code="c">2015.</subfield>
      </datafield>
      <datafield ind1=" " ind2=" " tag="300">
         <subfield code="a">1 online resource (xix, 425 pages)</subfield>
      </datafield>
      <datafield ind1=" " ind2=" " tag="336">
         <subfield code="a">text</subfield>
         <subfield code="b">txt</subfield>
         <subfield code="2">rdacontent</subfield>
         <subfield code="0">http://id.loc.gov/vocabulary/contentTypes/txt</subfield>
      </datafield>
      <datafield ind1=" " ind2=" " tag="337">
         <subfield code="a">computer</subfield>
         <subfield code="b">c</subfield>
         <subfield code="2">rdamedia</subfield>
         <subfield code="0">http://id.loc.gov/vocabulary/mediaTypes/c</subfield>
      </datafield>
      <datafield ind1=" " ind2=" " tag="338">
         <subfield code="a">online resource</subfield>
         <subfield code="b">cr</subfield>
         <subfield code="2">rdacarrier</subfield>
         <subfield code="0">http://id.loc.gov/vocabulary/carriers/cr</subfield>
      </datafield>
      <datafield ind1=" " ind2=" " tag="504">
         <subfield code="a">Includes bibliographical references and index.</subfield>
      </datafield>
      <datafield ind1=" " ind2=" " tag="506">
         <subfield code="a">Access restricted to authorized users and institutions.</subfield>
      </datafield>
      <datafield ind1=" " ind2=" " tag="588">
         <subfield code="a">Description based on print version record.</subfield>
      </datafield>
      <datafield ind1=" " ind2=" " tag="596">
         <subfield code="a">57</subfield>
      </datafield>
      <datafield ind1="1" ind2="0" tag="600">
         <subfield code="a">Kemble, John Mitchell,</subfield>
         <subfield code="d">1807-1857.</subfield>
         <subfield code="0">http://id.loc.gov/authorities/names/n50045687</subfield>
      </datafield>
      <datafield ind1="2" ind2="0" tag="610">
         <subfield code="a">Cambridge Apostles (Society)</subfield>
         <subfield code="x">History.</subfield>
         <subfield code="0">http://id.loc.gov/authorities/names/n79137314</subfield>
      </datafield>
      <datafield ind1=" " ind2="0" tag="650">
         <subfield code="a">Revolutionaries</subfield>
         <subfield code="z">Spain</subfield>
         <subfield code="x">History</subfield>
         <subfield code="y">19th century.</subfield>
      </datafield>
      <datafield ind1=" " ind2="0" tag="650">
         <subfield code="a">British</subfield>
         <subfield code="z">Spain</subfield>
         <subfield code="x">History</subfield>
         <subfield code="y">19th century.</subfield>
      </datafield>
      <datafield ind1=" " ind2="0" tag="651">
         <subfield code="a">Spain</subfield>
         <subfield code="x">History</subfield>
         <subfield code="y">Ferdinand VII, 1813-1833.</subfield>
         <subfield code="0">http://id.loc.gov/authorities/subjects/sh85126090</subfield>
      </datafield>
      <datafield ind1=" " ind2=" " tag="758">
         <subfield code="0">http://worldcat.org/entity/work/id/23834635</subfield>
      </datafield>
      <datafield ind1="0" ind2=" " tag="787">
         <subfield code="n">OCLC Work Id</subfield>
         <subfield code="o">http://worldcat.org/entity/work/id/23834635</subfield>
      </datafield>
      <datafield ind1="4" ind2="0" tag="856">
         <subfield code="3">MacEwan University Access</subfield>
         <subfield code="u">http://lib.myilibrary.com/detail.asp?ID=727991</subfield>
         <subfield code="z">(Single User Access)</subfield>
      </datafield>
      <datafield ind1=" " ind2=" " tag="949">
         <subfield code="w">ORDER</subfield>
         <subfield code="h">UAIN</subfield>
         <subfield code="m">GR_MAC_INT</subfield>
         <subfield code="z">MILGMPSA</subfield>
      </datafield>
      <datafield ind1=" " ind2=" " tag="926">
         <subfield code="a">Internet Access</subfield>
         <subfield code="w">ORDER</subfield>
         <subfield code="c">1</subfield>
         <subfield code="i">6811220-1001</subfield>
         <subfield code="l">INTERNET</subfield>
         <subfield code="m">GR_MAC_INT</subfield>
         <subfield code="r">Y</subfield>
         <subfield code="s">Y</subfield>
         <subfield code="t">E-RESOURCE</subfield>
         <subfield code="u">2/24/2015</subfield>
         <subfield code="x">E-BOOK</subfield>
         <subfield code="z">MILGMPSA</subfield>
      </datafield>
   </record>
</collection>
